@book{munkres1984elements,
  title={Elements of Algebraic Topology},
  author={Munkres, J.R.},
  isbn={9780201627282},
  lccn={84006250},
  series={Advanced book classics},
  url={https://books.google.de/books?id=Qw6m\_xGryPoC},
  year={1984},
  publisher={Perseus Books}
}
@book{laures2009grundkurs,
  title={Grundkurs Topologie},
  author={Laures, G. and Szymik, M.},
  isbn={9783827422187},
  url={https://books.google.de/books?id=K1wiBAAAQBAJ},
  year={2009},
  publisher={Spektrum Akademischer Verlag}
}
@misc{LectureNotesAlgebraicTopology,
  title={Lecture Notes on MA5209 Algebraic Topology-2008/2009 Semester 1},
  author={Jie Wu},
  url={https://www.math.nus.edu.sg/~matwujie},
  type={Skript},
}
@misc{GrundlagenTopologie,
  title={Grundlagen der Topologie},
  type={Skript},
  author={Michael Eisermann},
  url={https://www.igt.uni-stuttgart.de/eiserm}
}
@misc{zieglerTopologie,
  title={Topologie},
  url={http://www.math.tu-berlin.de/Vorlesungen/WS05/Topologie/},
  author={Prof. Günter M. Ziegler},
  organization={Institut für Mathematik, MA 6-2 TU Berlin, 10623 Berlin}
}
@book{usingT,
  title={Using the Borsuk-Ulam Theorem: Lectures on Topological Methods in Combinatorics and Geometry},
  author={Bj{\"o}rner, A. and Ziegler, G.M. and Matousek, J.},
  isbn={9783540766490},
  lccn={2003045627},
  series={Universitext},
  url={https://books.google.de/books?id=q2D7CAAAQBAJ},
  year={2008},
  publisher={Springer Berlin Heidelberg}
}
